@article{erdos1959random,
  author    = {Erd{\H{o}}s, Paul and R{\'e}nyi, Alfr{\'e}d},
  title     = {On Random Graphs. I},
  journal   = {Publicationes Mathematicae},
  volume    = {6},
  number    = {3-4},
  pages     = {290--297},
  year      = {1959},
  doi       = {10.5486/PMD.1959.6.3-4.12},
  url       = {https://doi.org/10.5486/PMD.1959.6.3-4.12},
  s2cid     = {253789267},
}