@article{Fiedler1973,
author = {Fiedler, Miroslav},
journal = {Czechoslovak Mathematical Journal},
language = {eng},
number = {2},
pages = {298-305},
publisher = {Institute of Mathematics, Academy of Sciences of the Czech Republic},
title = {Algebraic connectivity of graphs},
url = {http://eudml.org/doc/12723},
volume = {23},
year = {1973},
}